<?xml version="1.0" encoding="UTF-8"?><collection xmlns="http://www.loc.gov/MARC21/slim"><record><leader>00394nam--2200133-i-4500</leader><controlfield tag="001">000016560</controlfield><controlfield tag="002">20161230</controlfield><controlfield tag="005">20161230201031</controlfield><controlfield tag="008">060222s1000------------r-----000-0-eng-d</controlfield><datafield ind1=" " ind2=" " tag="080"><subfield code="a">621.375.826(043)</subfield></datafield><datafield ind1=" " ind2=" " tag="100"><subfield code="a">Tiseanu, Carmen-doina</subfield></datafield><datafield ind1=" " ind2=" " tag="245"><subfield code="a">Spectroscopie de inalta rezolutie si transfer de energie in sisteme laser cu solid. teza</subfield></datafield><datafield ind1=" " ind2=" " tag="260"><subfield code="a">Bucuresti, I.F.A., 1996. 167 P</subfield></datafield><datafield ind1=" " ind2=" " tag="852"><subfield code="a">80605</subfield></datafield></record></collection>